<?xml version="1.0" encoding="UTF-8"?>
<utfx:tests xmlns:utfx="http://utfx.org/test-definition">
    <!--
#
#    Copyright (C) 2005-2006  Distance and e-Learning Centre, 
#    University of Southern Queensland
#
#    This program is free software; you can redistribute it and/or modify
#    it under the terms of the GNU General Public License as published by
#    the Free Software Foundation; either version 2 of the License, or
#    (at your option) any later version.
#
#    This program is distributed in the hope that it will be useful,
#    but WITHOUT ANY WARRANTY; without even the implied warranty of
#    MERCHANTABILITY or FITNESS FOR A PARTICULAR PURPOSE.  See the
#    GNU General Public License for more details.
#
#    You should have received a copy of the GNU General Public License
#    along with this program; if not, write to the Free Software
#    Foundation, Inc., 59 Temple Place, Suite 330, Boston, MA  02111-1307  USA
#

--><utfx:stylesheet src="AANRO_xml_to_marc.xsl"/>
    <utfx:test>
        <utfx:name>Author</utfx:name>
        <utfx:assert-equal>
            <utfx:source validate="no">
                <author>Leng RA</author> 
            </utfx:source>
            <utfx:expected validate="no">
                <datafield tag="100" ind1=" " ind2=" ">
                    <subfield code="a">Leng RA</subfield>
                </datafield>
            </utfx:expected>
        </utfx:assert-equal>      
    </utfx:test>
       
   <!--  Research  -->
    <utfx:test>
        <utfx:name>Author + Affiliation</utfx:name>
        <utfx:assert-equal>
            <utfx:source validate="no">
                <author>Dillon P (Australian Centre for Groundwater Studies)|Pavelic P (Australian Centre for Groundwater Studies)</author> 
            </utfx:source>
            <utfx:expected validate="no">
                <datafield tag="100" ind1=" " ind2=" ">
                    <subfield code="a">Dillon P</subfield>
                    <subfield code="u">Australian Centre for Groundwater Studies</subfield>
                </datafield>
                <datafield tag="700" ind1=" " ind2=" ">
                    <subfield code="a">Pavelic P</subfield>
                    <subfield code="u">Australian Centre for Groundwater Studies</subfield>
                </datafield>
             </utfx:expected>
          </utfx:assert-equal>      
    </utfx:test>
    <utfx:test>
        <utfx:name>Item Title</utfx:name>
        <utfx:assert-equal>
            <utfx:source validate="no">
                    <record>
                        <id>AAABGI002</id> 
                        <title>10th Conference of the Australian Association of Animal Breeding and Genetics</title> 
                        <doctype>Archived</doctype> 
                        <startdate>199209</startdate> 
                        <finishdate>199209</finishdate> 
                        <researcher>Vercoe JE Dr Australian Association of Animal Breeding and Genetics Inc. (PO Box 5545, Rockhampton Mail Centre Qld 4702)|Davis GP Dr Australian Association of Animal Breeding and Genetics Inc. (PO Box 5545, Rockhampton Mail Centre Qld 4702)</researcher> 
                        <sponsor>WRDC: Wool Research and Development Corporation $3,000 (AAA3) (1992/93)|DRDC: Dairy R&amp;D Corporation|MRC: Meat Research Corporation $2, 000 (Total)</sponsor>
                        <collaboration>collaboration</collaboration>
                        <keywords>keywords|keywords2</keywords>
                        <locality>locality</locality>
                        <program>program</program>
                        <subprogram>subprogram</subprogram>
                         <objective>International trade in breeds and breeding technology: enhancing our capability and contribution.</objective>
                        <background>background</background>
                         <methodology>September 21-24: Plenary sessions on Australasian animal and human resources, importing and exporting genetic material and international genetic evaluation. Concurrent sessions for beef cattle, dairy cattle, sheep and fibre animals, other meat animals, sire referencing, parameter estimation, selection theory, practical evaluations, reproductive technologies, gene technologies. Forum on use of transgenic livestock, panel discussion on genetic evaluation systems, display of animal breeding software.</methodology>
                        <progress>progress</progress>
                        <implication>implication</implication>
                     
                       
                    </record>