
                 </utfx:source>
            <utfx:expected validate="no">
                <collection xmlns:marc="http://www.loc.gov/MARC21/slim" xmlns:xsi="http://www.w3.org/2001/XMLSchema-instance">
                <record>
                    <leader>00000nam a22000002a 4500</leader>
                    <controlfield tag="008"></controlfield>
                  <datafield tag="091" ind1=" " ind2=" ">
                            <subfield code="a">AAABGI002</subfield>
                        </datafield>
                    <datafield tag="655" ind1=" " ind2="7">
                            <subfield code="a">Archived</subfield>
                            <subfield code="2"> AANRO</subfield>
                        </datafield>
                  <datafield tag="245" ind1="1" ind2=" ">
                            <subfield code="a">10th Conference of the Australian Association of Animal Breeding and Genetics</subfield>
                  </datafield>
                    <datafield tag="045" ind1="2" ind2=" ">
                        <subfield code="b">d199209</subfield>
                        <subfield code="b">d199209 </subfield>
                    </datafield>
               <datafield tag="720" ind1="1" ind2=" ">
                  <subfield code="a">Vercoe JE Dr Australian Association of Animal Breeding and Genetics Inc. (PO Box 5545, Rockhampton Mail Centre Qld 4702)</subfield>
                       
                    </datafield>
                    <datafield tag="720" ind1="1" ind2=" ">
                        <subfield code="a">Davis GP Dr Australian Association of Animal Breeding and Genetics Inc. (PO Box 5545, Rockhampton Mail Centre Qld 4702)</subfield>
                    </datafield>
                  <datafield tag="536" ind1=" " ind2=" ">
                            <subfield code="a">WRDC: Wool Research and Development Corporation $3,000 (AAA3) (1992/93)</subfield>
                  </datafield>
                    <datafield tag="536" ind1=" " ind2=" ">
                        <subfield code="a">DRDC: Dairy R&amp;D Corporation</subfield>
                    </datafield>
                    <datafield tag="536" ind1=" " ind2=" ">
                        <subfield code="a">MRC: Meat Research Corporation $2, 000 (Total)</subfield>
                    </datafield>
                    <datafield tag="591" ind1=" " ind2=" ">
                        <subfield code="a">collaboration</subfield>
                    </datafield>
                    <datafield tag="653" ind1=" " ind2=" ">
                        <subfield code="a">keywords</subfield>
                        <subfield code="a">keywords2</subfield>
                    </datafield>
                    <datafield tag="522" ind1=" " ind2=" ">
                        <subfield code="a">locality</subfield>
                    </datafield>
                    <datafield tag="095" ind1=" " ind2=" ">
                        <subfield code="a">program</subfield>
                    </datafield>
                    <datafield tag="096" ind1=" " ind2=" ">
                        <subfield code="a">subprogram</subfield>
                    </datafield>
                   <datafield tag="520" ind1="2" ind2=" ">
                            <subfield code="a">International trade in breeds and breeding technology: enhancing our capability and contribution.</subfield>
                   </datafield>
                    <datafield tag="592" ind1=" " ind2=" ">
                        <subfield code="a">background</subfield>
                    </datafield>
                   <datafield tag="567" ind1=" " ind2=" ">
                            <subfield code="a">September 21-24: Plenary sessions on Australasian animal and human resources, importing and exporting genetic material and international genetic evaluation. Concurrent sessions for beef cattle, dairy cattle, sheep and fibre animals, other meat animals, sire referencing, parameter estimation, selection theory, practical evaluations, reproductive technologies, gene technologies. Forum on use of transgenic livestock, panel discussion on genetic evaluation systems, display of animal breeding software.</subfield>
                   </datafield>
                    <datafield tag="593" ind1=" " ind2=" ">
                        <subfield code="a">progress</subfield>
                    </datafield>
                    <datafield tag="594" ind1=" " ind2=" ">
                        <subfield code="a">implication</subfield>
                    </datafield>
                 </record>
               </collection>
             </utfx:expected>
        </utfx:assert-equal>
    </utfx:test>
    
    
    
    
    
    
    <!-- publication  -->
    <utfx:test>
        <utfx:name>Item Title2</utfx:name>
        <utfx:assert-equal>
            <utfx:source validate="no">
                        <record>
                        <id>38166</id> 
                        <doctype>Book or Report</doctype> 
                        <pubyear>1996</pubyear> 
                        <title>Application of duckweed in treating municipal wastewater</title> 
                        <author>Leng RA (University of New England)</author> 
                        <contactauthor>contactauthor</contactauthor>
                        <sponsor>Hunter Water Corporation</sponsor> 
                        <contactemail>contactemail</contactemail>
                        <source>Urban Water Research Association of Australia, Melbourne VIC 1996-05, 53p, tables, 35 figs, refs.</source> 
                        <isbn>1876088087</isbn> 
                        <issn>issn</issn>
                        <series>Research Report (Urban Water Research Association of Australia); no 111.</series>
                        <notes>notes</notes>
                        <abstract>Duckweed species (Lemnaceae) have demonstrated, in overseas experiments, a tremendous ability to remove mineral contaminants, primarily nitrogen, phosphorus, potassium, calcium, sodium and magnesium, from wastewaters emanating from municipal sewage treatment works, intensive animal production industries and food processing factories. The research program aimed to adapt overseas studies to Australian conditions using Spirodila species of duckweed. The results were impressive and confirmed that duckweed has the capability to further polish municipal wastewater in Australia. Trials of duckweed on coal mine wastewater showed that the plant can tolerate the wastewater, but cannot uptake the huge quantities of salts required by the mining companies.</abstract> 
                        <keywords>Wastewater Treatment|Sewage Treatment|Coal Industry Waste Waters|Aquatic Macrophytes (Lemnaceae)|Water Quality (Treated Waters)|Biological Treatment|Wetlands|Small Sewage Works|Spirodila</keywords>
                        <locality>locality</locality>
                        <weblink>http://www.wsaa.asn.au</weblink> 
                        <availability>Copies of this report are available from the Water Services Association of Australia, Phone (03) 9606 0678 or Fax (03) 9606 0376. For online ordering visit the website</availability> 
                        <availemail>info@wsaa.asn.au</availemail> 
                        <fulltextlink>fulltextlink</fulltextlink>
                        <deliverylink>deliverylink</deliverylink>
                        <deliveryemail>deliveryemail</deliveryemail>
                        <deliverynote>deliverynote</deliverynote>
                    
                    </record>