
             </utfx:source>
            <utfx:expected validate="no">
                <collection xmlns:marc="http://www.loc.gov/MARC21/slim" xmlns:xsi="http://www.w3.org/2001/XMLSchema-instance">
                    <record>
                        <leader>00000nam a22000002a 4500</leader>
                        <controlfield tag="008"></controlfield>
                        <datafield tag="091" ind1=" " ind2=" ">
                            <subfield code="a">38166</subfield>
                        </datafield>
                        <datafield tag="655" ind1=" " ind2="7">
                            <subfield code="a">Book or Report</subfield>
                            <subfield code="2"> AANRO</subfield>
                        </datafield>
                        <datafield tag="260" ind1=" " ind2=" ">
                            <subfield code="c">1996 </subfield>
                        </datafield>
                        <datafield tag="245" ind1="1" ind2=" ">
                            <subfield code="a">Application of duckweed in treating municipal wastewater</subfield>
                        </datafield>
                        <datafield tag="100" ind1=" " ind2=" ">
                            <subfield code="a">Leng RA</subfield>
                            <subfield code="u">University of New England</subfield>
                        </datafield>
                        <datafield tag="700" ind1=" " ind2=" ">
                            <subfield code="a">contactauthor</subfield>
                        </datafield>
                        <datafield tag="700" ind1=" " ind2=" ">
                            <subfield code="u">contactemail</subfield>
                        </datafield>
                        <datafield tag="536" ind1=" " ind2=" ">
                            <subfield code="a">Hunter Water Corporation</subfield>
                        </datafield>
                        
                        <datafield tag="773" ind1="0" ind2=" ">
                            <subfield code="t">Urban Water Research Association of Australia, Melbourne VIC 1996-05, 53p, tables, 35 figs, refs.</subfield>
                        </datafield>
                      <datafield tag="020" ind1=" " ind2=" ">
                            <subfield code="a">1876088087</subfield>
                          </datafield>
                          <datafield tag="022" ind1=" " ind2=" ">
                              <subfield code="a">issn</subfield>
                        </datafield>
                        <datafield tag="440" ind1=" " ind2=" ">
                            <subfield code="a">Research Report (Urban Water Research Association of Australia); no 111.</subfield>
                        </datafield>
                          <datafield tag="500" ind1=" " ind2=" ">
                              <subfield code="a">notes</subfield>
                          </datafield>
                        <datafield tag="520" ind1="3" ind2=" ">
                            <subfield code="a">Duckweed species (Lemnaceae) have demonstrated, in overseas experiments, a tremendous ability to remove mineral contaminants, primarily nitrogen, phosphorus, potassium, calcium, sodium and magnesium, from wastewaters emanating from municipal sewage treatment works, intensive animal production industries and food processing factories. The research program aimed to adapt overseas studies to Australian conditions using Spirodila species of duckweed. The results were impressive and confirmed that duckweed has the capability to further polish municipal wastewater in Australia. Trials of duckweed on coal mine wastewater showed that the plant can tolerate the wastewater, but cannot uptake the huge quantities of salts required by the mining companies.</subfield>
                        </datafield>
                        <datafield tag="653" ind1=" " ind2=" ">
                            <subfield code="a">Wastewater Treatment</subfield>
                            <subfield code="a">Sewage Treatment</subfield>
                            <subfield code="a">Coal Industry Waste Waters </subfield>
                            <subfield code="a">Aquatic Macrophytes (Lemnaceae)</subfield>
                            <subfield code="a">Water Quality (Treated Waters)</subfield>
                            <subfield code="a">Biological Treatment</subfield>
                            <subfield code="a">Wetlands</subfield>
                            <subfield code="a">Small Sewage Works</subfield>
                            <subfield code="a">Spirodila</subfield>
                            
                        </datafield>
                          <datafield tag="522" ind1=" " ind2=" ">
                              <subfield code="a">locality</subfield>
                          </datafield>
                       
                        <datafield tag="856" ind1="4" ind2=" ">
                            <subfield code="u">http://www.wsaa.asn.au</subfield>
                        </datafield> 
                        <datafield tag="856" ind1=" " ind2=" ">
                            <subfield code="u">fulltextlink</subfield>
                        </datafield> 
                        
                        
                        <datafield tag="506" ind1=" " ind2=" ">
                            <subfield code="a">Copies of this report are available from the Water Services Association of Australia, Phone (03) 9606 0678 or Fax (03) 9606 0376. For online ordering visit the website</subfield>
                        </datafield>
                        
                        <datafield tag="595" ind1=" " ind2=" ">
                            <subfield code="a">info@wsaa.asn.au</subfield>
                        </datafield>
                        <datafield tag="596" ind1=" " ind2=" ">
                            <subfield code="a">deliverylink</subfield>
                        </datafield>
                        <datafield tag="597" ind1=" " ind2=" ">
                            <subfield code="a">deliveryemail</subfield>
                        </datafield>
                        <datafield tag="598" ind1=" " ind2=" ">
                            <subfield code="a">deliverynote</subfield>
                        </datafield>
                        
                     </record>
                </collection>
            </utfx:expected>
        </utfx:assert-equal>
    </utfx:test>
    
   
</utfx:tests>
